<?xml version="1.0" encoding="utf-8"?>
<record xmlns="http://www.loc.gov/MARC21/slim" xmlns:xsi="http://www.w3.org/2001/XMLSchema-instance" xsi:schemaLocation="http://www.loc.gov/MARC21/slim http://www.loc.gov/standards/marcxml/schema/MARC21slim.xsd">
	<leader>     nam a22     Mi 4500</leader>
	<controlfield tag="001">480402</controlfield>
	<controlfield tag="003">NjP</controlfield>
	<controlfield tag="006">m        d        </controlfield>
	<controlfield tag="007">cr cn |||m|||a</controlfield>
	<controlfield tag="008">190221m19879999ir h    ob    000 0 ara d</controlfield>
	<datafield ind1=" " ind2=" " tag="040">
		<subfield code="a">ZYU</subfield>
		<subfield code="b">ara</subfield>
		<subfield code="e">rda</subfield>
		<subfield code="c">ZYU</subfield>
	</datafield>
	<datafield ind1=" " ind2="4" tag="050">
		<subfield code="a">KBP370.M843</subfield>
		<subfield code="b">A35 1987</subfield>
	</datafield>
	<datafield ind1="1" ind2=" " tag="100">
		<subfield code="6">880-01</subfield>
		<subfield code="a">Muḥaqqiq al-Thānī, ʻAlī ibn al-Ḥusayn,</subfield>
		<subfield code="d">1463 or 1464-1533 or 1534.</subfield>
	</datafield>
	<datafield ind1="1" ind2="0" tag="245">
		<subfield code="6">880-02</subfield>
		<subfield code="a">Jāmiʻ al-maqāṣid fī sharḥ al-Qawāʻid /</subfield>
		<subfield code="c">taʼlīf al-Muḥaqqiq al-Thānī ʻAlī ibn al-Ḥusayn al-Karakī ; taḥqīq Muʼassasat Āl al-Bayt li-Iḥyāʼ al-Turāth.</subfield>
	</datafield>
	<datafield ind1=" " ind2=" " tag="250">
		<subfield code="6">880-03</subfield>
		<subfield code="a">Al-Ṭabʻah 1.</subfield>
	</datafield>
	<datafield ind1=" " ind2=" " tag="260">
		<subfield code="6">880-04</subfield>
		<subfield code="a">Qum al-Musharrafah :</subfield>
		<subfield code="b">Muʼassasat Āl al-Bayt li-Iḥyá al-Turāth,</subfield>
		<subfield code="c">1408- [1987-]</subfield>
	</datafield>
	<datafield ind1=" " ind2=" " tag="300">
		<subfield code="a">online resource (volumes) :</subfield>
		<subfield code="b">facsimiles</subfield>
	</datafield>
	<datafield ind1=" " ind2=" " tag="336">
		<subfield code="a">text</subfield>
		<subfield code="2">rdacontent</subfield>
	</datafield>
	<datafield ind1=" " ind2=" " tag="337">
		<subfield code="a">computer</subfield>
		<subfield code="2">rdamedia</subfield>
	</datafield>
	<datafield ind1=" " ind2=" " tag="338">
		<subfield code="a">online resource</subfield>
		<subfield code="2">rdacarrier</subfield>
	</datafield>
	<datafield ind1="1" ind2=" " tag="490">
		<subfield code="6">880-05</subfield>
		<subfield code="a">Muʼassasat Āl al-Bayt li-Iḥyā al-Turāth ;</subfield>
		<subfield code="v">43-47</subfield>
	</datafield>
	<datafield ind1=" " ind2=" " tag="500">
		<subfield code="a">Part of the Arabic Collections Online (ACO) project, contributed by Princeton University Libraries.</subfield>
	</datafield>
	<datafield ind1=" " ind2=" " tag="504">
		<subfield code="a">Includes bibliographical references.</subfield>
	</datafield>
	<datafield ind1=" " ind2=" " tag="533">
		<subfield code="a">Electronic reproduction.</subfield>
		<subfield code="b">New York, N.Y. :</subfield>
		<subfield code="c">New York University,</subfield>
		<subfield code="d">2019.</subfield>
		<subfield code="5">NNU</subfield>
	</datafield>
	<datafield ind1="1" ind2="0" tag="600">
		<subfield code="a">Ibn al-Muṭahhar al-Ḥillī, al-Ḥasan ibn Yūsuf,</subfield>
		<subfield code="d">1250-1325.</subfield>
		<subfield code="t">Qawāʻid al-aḥkām fī maʻrifat al-ḥalāl wa-al-ḥarām</subfield>
		<subfield code="v">Early works to 1800.</subfield>
	</datafield>
	<datafield ind1=" " ind2="0" tag="650">
		<subfield code="a">Islamic law</subfield>
		<subfield code="x">Interpretation and construction</subfield>
		<subfield code="v">Early works to 1800.</subfield>
	</datafield>
	<datafield ind1="0" ind2="7" tag="630">
		<subfield code="a">Qawāʻid al-aḥkām fī maʻrifat al-ḥalāl wa-al-ḥarām (Ibn al-Muṭahhar al-Ḥillī, al-Ḥasan ibn Yūsuf)</subfield>
		<subfield code="2">fast</subfield>
		<subfield code="0">(OCoLC)fst01376633</subfield>
	</datafield>
	<datafield ind1=" " ind2="7" tag="650">
		<subfield code="a">Islamic law</subfield>
		<subfield code="x">Interpretation and construction.</subfield>
		<subfield code="2">fast</subfield>
		<subfield code="0">(OCoLC)fst00979955</subfield>
	</datafield>
	<datafield ind1=" " ind2="7" tag="655">
		<subfield code="a">Early works.</subfield>
		<subfield code="2">fast</subfield>
		<subfield code="0">(OCoLC)fst01411636</subfield>
	</datafield>
	<datafield ind1="2" ind2=" " tag="710">
		<subfield code="6">880-06</subfield>
		<subfield code="a">Muʼassasat Āl al-Bayt li-Iḥyāʼ al-Turāth (Qom, Iran)</subfield>
	</datafield>
	<datafield ind1="2" ind2=" " tag="710">
		<subfield code="a">Princeton University.</subfield>
		<subfield code="b">Library.</subfield>
	</datafield>
	<datafield ind1="0" ind2=" " tag="730">
		<subfield code="a">Arabic Collections Online.</subfield>
	</datafield>
	<datafield ind1="0" ind2="8" tag="776">
		<subfield code="i">Print version:</subfield>
		<subfield code="a">Muḥaqqiq al-Thānī, ʻAlī ibn al-Ḥusayn, 1463 or 1464-1533 or 1534.</subfield>
		<subfield code="t">Jāmiʻ al-maqāṣid fī sharḥ al-Qawāʻid</subfield>
		<subfield code="w">(NjP)480402</subfield>
		<subfield code="w">(OCoLC)25345125</subfield>
	</datafield>
	<datafield ind1=" " ind2="0" tag="830">
		<subfield code="6">880-07</subfield>
		<subfield code="a">Muʼassasat Āl al-Bayt li-Iḥyāʼ al-Turāth (Series) ;</subfield>
		<subfield code="v">43-47.</subfield>
	</datafield>
	<datafield ind1="4" ind2="0" tag="856">
		<subfield code="u">http://hdl.handle.net/2333.1/kkwh77rg</subfield>
	</datafield>
	<datafield ind1="1" ind2=" " tag="880">
		<subfield code="6">100-01</subfield>
		<subfield code="a">محقق الثاني، علي بن الحسين،</subfield>
		<subfield code="d">1463 or 1464-1533 or 1534</subfield>
	</datafield>
	<datafield ind1="1" ind2="0" tag="880">
		<subfield code="6">245-02</subfield>
		<subfield code="a">جامع المقاصد في شرح القواعد /</subfield>
		<subfield code="c">تأليف المحقق الثاني علي بن الحسين الكركي ؛ تحقيق مؤسسة آل البيت لاحياء التراث.</subfield>
	</datafield>
	<datafield ind1=" " ind2=" " tag="880">
		<subfield code="6">250-03</subfield>
		<subfield code="a">الطبعة 1.</subfield>
	</datafield>
	<datafield ind1=" " ind2=" " tag="880">
		<subfield code="6">260-04</subfield>
		<subfield code="a">قم المشرفة :</subfield>
		<subfield code="b">مؤسسة آل البيت لإحياء التراث،</subfield>
		<subfield code="c">1408- [1987-]</subfield>
	</datafield>
	<datafield ind1="1" ind2=" " tag="880">
		<subfield code="6">490-05</subfield>
		<subfield code="a">مؤسسة آل البيت لاحياء التراث ؛</subfield>
		<subfield code="v">43-47</subfield>
	</datafield>
	<datafield ind1="2" ind2=" " tag="880">
		<subfield code="6">710-06</subfield>
		<subfield code="a">مؤسسة آل البيت لاحياء التراث (قم، ايران)</subfield>
	</datafield>
	<datafield ind1=" " ind2="0" tag="880">
		<subfield code="6">830-07</subfield>
		<subfield code="a">مؤسسة آل البيت لاحياء التراث  ؛</subfield>
		<subfield code="v">43-47.</subfield>
	</datafield>
	<datafield ind1=" " ind2=" " tag="959">
		<subfield code="a">NNU</subfield>
		<subfield code="b">WEB</subfield>
		<subfield code="c">GENI</subfield>
		<subfield code="t">0</subfield>
		<subfield code="m">Electronic access</subfield>
		<subfield code="s">01</subfield>
	</datafield>
	<datafield ind1=" " ind2=" " tag="999">
		<subfield code="i">NjP_480402</subfield>
		<subfield code="o">(OCoLC)ocm25345125</subfield>
		<subfield code="s">princeton_aco001663:juz 1</subfield>
		<subfield code="s">princeton_aco001664:juz 2</subfield>
		<subfield code="s">princeton_aco001665:juz 3</subfield>
		<subfield code="s">princeton_aco001666:juz 4</subfield>
		<subfield code="s">princeton_aco001667:juz 5</subfield>
		<subfield code="s">princeton_aco001668:juz 6</subfield>
		<subfield code="s">princeton_aco001669:juz 7</subfield>
		<subfield code="s">princeton_aco001670:juz 8</subfield>
		<subfield code="s">princeton_aco001671:juz 9</subfield>
		<subfield code="e">(ERROR-880)(ERROR-MISC)</subfield>
		<subfield code="s">princeton_aco001663:juz 1</subfield>
		<subfield code="s">princeton_aco001664:juz 2</subfield>
		<subfield code="s">princeton_aco001665:juz 3</subfield>
		<subfield code="s">princeton_aco001666:juz 4</subfield>
		<subfield code="s">princeton_aco001667:juz 5</subfield>
		<subfield code="s">princeton_aco001668:juz 6</subfield>
		<subfield code="s">princeton_aco001669:juz 7</subfield>
		<subfield code="s">princeton_aco001670:juz 8</subfield>
		<subfield code="s">princeton_aco001671:juz 9</subfield>
	</datafield>
</record>
